<record><leader>00000cas a2200000 a 4500</leader><controlfield tag="001">9802694</controlfield><controlfield tag="008">830811d18391868miuwr ne      0    0eng  </controlfield><datafield ind1=" " ind2=" " tag="010"><subfield code="a">sn 83016415 </subfield></datafield><datafield ind1=" " ind2=" " tag="040"><subfield code="a">DLC</subfield><subfield code="b">eng</subfield><subfield code="c">DLC</subfield><subfield code="d">NPX</subfield><subfield code="d">MHN</subfield><subfield code="d">OCL</subfield><subfield code="d">CRL</subfield><subfield code="d">OCLCQ</subfield><subfield code="d">OCLCF</subfield></datafield><datafield ind1="1" ind2=" " tag="029"><subfield code="a">AU@</subfield><subfield code="b">000002913115</subfield></datafield><datafield ind1=" " ind2=" " tag="042"><subfield code="a">pcc</subfield></datafield><datafield ind1=" " ind2=" " tag="043"><subfield code="a">n-us-mi</subfield></datafield><datafield ind1="0" ind2="0" tag="050"><subfield code="a">Newspaper 8441</subfield></datafield><datafield ind1="0" ind2=" " tag="130"><subfield code="a">Niles Republican (Niles, Mich. : 1839)</subfield></datafield><datafield ind1="1" ind2="0" tag="245"><subfield code="a">Niles Republican.</subfield></datafield><datafield ind1=" " ind2=" " tag="260"><subfield code="a">Niles, Mich. :</subfield><subfield code="b">H.B. Miller</subfield></datafield><datafield ind1=" " ind2=" " tag="300"><subfield code="a">v. ;</subfield><subfield code="c">68 cm.</subfield></datafield><datafield ind1=" " ind2=" " tag="310"><subfield code="a">Weekly</subfield></datafield><datafield ind1="1" ind2=" " tag="362"><subfield code="a">Began in Oct. 1839; ceased in 1868.</subfield></datafield><datafield ind1="0" ind2=" " tag="362"><subfield code="a">-; v. 1, no. 1 (Apr. 7, 1842) = whole no. 125-</subfield></datafield><datafield ind1=" " ind2=" " tag="500"><subfield code="a">Editor: D.B. Cook, &lt;1852&gt;.</subfield></datafield><datafield ind1=" " ind2=" " tag="500"><subfield code="a">Publishers: H.B. Miller, &lt;1839&gt;; D.B. Cook, &lt;1852&gt;-&lt;Apr. 12, 1862&gt;, A.J. Shakespear, &lt;Apr. 26, 1862&gt;-&lt;1868&gt;.</subfield></datafield><datafield ind1=" " ind2=" " tag="588"><subfield code="a">Description based on: Vol. 1, no. 2 (Oct. 25, 1839).</subfield></datafield><datafield ind1=" " ind2="0" tag="651"><subfield code="a">Niles (Mich.)</subfield><subfield code="v">Newspapers.</subfield></datafield><datafield ind1=" " ind2="0" tag="651"><subfield code="a">Berrien County (Mich.)</subfield><subfield code="v">Newspapers.</subfield></datafield><datafield ind1=" " ind2="7" tag="655"><subfield code="a">Newspapers.</subfield><subfield code="2">fast</subfield><subfield code="0">(OCoLC)fst01423814</subfield></datafield><datafield ind1=" " ind2="7" tag="651"><subfield code="a">Michigan</subfield><subfield code="z">Berrien County.</subfield><subfield code="2">fast</subfield><subfield code="0">(OCoLC)fst01203031</subfield></datafield><datafield ind1=" " ind2="7" tag="651"><subfield code="a">Michigan</subfield><subfield code="z">Niles.</subfield><subfield code="2">fast</subfield><subfield code="0">(OCoLC)fst01231617</subfield></datafield><datafield ind1=" " ind2=" " tag="752"><subfield code="a">United States</subfield><subfield code="b">Michigan</subfield><subfield code="c">Berrien</subfield><subfield code="d">Niles.</subfield></datafield><datafield ind1="0" ind2="5" tag="780"><subfield code="t">Niles intelligencer</subfield><subfield code="g">1841</subfield><subfield code="w">(DLC)sn 85033771</subfield><subfield code="w">(OCoLC)10111988</subfield></datafield><datafield ind1="0" ind2="0" tag="785"><subfield code="t">Niles Democrat</subfield><subfield code="w">(DLC)sn 85033771</subfield><subfield code="w">(OCoLC)12253283</subfield></datafield></record>